@misc{lyra2-spec,
  author    = {Marcos A. Simpl{\'{\i}}cio and
               Leonardo C. Almeida and
               Ewerton R. Andrade and
               Paulo C. F. dos Santos and
               Paulo S. L. M. Barreto},
  title     = {Lyra2: Password Hashing Scheme with improved security against time-memory
               trade-offs},
  journal   = {{IACR} Cryptology ePrint Archive},
  volume    = {2015},
  pages     = {136},
  year      = {2015},
  howpublished = {\url{http://www.lyra-kdf.net}}
}

@Misc{avx2,
  Title                    = {{Intel Architecture Instruction Set Extensions Programming Reference}},

  Author                   = {Intel},
  HowPublished             = {Technical Report},
  Note                     = {\url{https://software.intel.com/en-us/isa-extensions/}},
  year = {2014}
}

@misc{sponge,
  author = {Guido Bertoni and Joan Daemen and Micha\"el Peeters and Gilles Assche},
  title = {Cryptographic sponge functions},
  howpublished = {\url{http://sponge.noekeon.org/}},
  year = {2011},
}

@inproceedings{blake2b,
  author    = {Jean{-}Philippe Aumasson and
               Samuel Neves and
               Zooko Wilcox{-}O'Hearn and
               Christian Winnerlein},
  editor    = {Michael J. Jacobson Jr. and
               Michael E. Locasto and
               Payman Mohassel and
               Reihaneh Safavi{-}Naini},
  title     = {{BLAKE2:} Simpler, Smaller, Fast as {MD5}},
  booktitle = {Proceedings of the 11th International Conference on Applied Cryptography and Network Security (ACNS)},
  series    = {Lecture Notes in Computer Science},
  volume    = {7954},
  pages     = {119--135},
  publisher = {Springer},
  year      = {2013},
  url       = {http://dx.doi.org/10.1007/978-3-642-38980-1_8},
  doi       = {10.1007/978-3-642-38980-1_8},
  timestamp = {Tue, 25 Jun 2013 10:57:42 +0200},
  biburl    = {http://dblp.uni-trier.de/rec/bib/conf/acns/AumassonNWW13},
  bibsource = {dblp computer science bibliography, http://dblp.org}
}